%YAML 1.1
%TAG !u! tag:unity3d.com,2011:
--- !u!29 &1
OcclusionCullingSettings:
  m_ObjectHideFlags: 0
  serializedVersion: 2
  m_OcclusionBakeSettings:
    smallestOccluder: 5
    smallestHole: 0.25
    backfaceThreshold: 100
  m_SceneGUID: 00000000000000000000000000000000
  m_OcclusionCullingData: {fileID: 0}
--- !u!104 &2
RenderSettings:
  m_ObjectHideFlags: 0
  serializedVersion: 9
  m_Fog: 0
  m_FogColor: {r: 0.5, g: 0.5, b: 0.5, a: 1}
  m_FogMode: 3
  m_FogDensity: 0.01
  m_LinearFogStart: 0
  m_LinearFogEnd: 300
  m_AmbientSkyColor: {r: 0.212, g: 0.227, b: 0.259, a: 1}
  m_AmbientEquatorColor: {r: 0.114, g: 0.125, b: 0.133, a: 1}
  m_AmbientGroundColor: {r: 0.047, g: 0.043, b: 0.035, a: 1}
  m_AmbientIntensity: 1
  m_AmbientMode: 0
  m_SubtractiveShadowColor: {r: 0.42, g: 0.478, b: 0.627, a: 1}
  m_SkyboxMaterial: {fileID: 10304, guid: 0000000000000000f000000000000000, type: 0}
  m_HaloStrength: 0.5
  m_FlareStrength: 1
  m_FlareFadeSpeed: 3
  m_HaloTexture: {fileID: 0}
  m_SpotCookie: {fileID: 10001, guid: 0000000000000000e000000000000000, type: 0}
  m_DefaultReflectionMode: 0
  m_DefaultReflectionResolution: 128
  m_ReflectionBounces: 1
  m_ReflectionIntensity: 1
  m_CustomReflection: {fileID: 0}
  m_Sun: {fileID: 0}
  m_IndirectSpecularColor: {r: 0, g: 0, b: 0, a: 1}
  m_UseRadianceAmbientProbe: 0
--- !u!157 &3
LightmapSettings:
  m_ObjectHideFlags: 0
  serializedVersion: 12
  m_GIWorkflowMode: 1
  m_GISettings:
    serializedVersion: 2
    m_BounceScale: 1
    m_IndirectOutputScale: 1
    m_AlbedoBoost: 1
    m_EnvironmentLightingMode: 0
    m_EnableBakedLightmaps: 1
    m_EnableRealtimeLightmaps: 0
  m_LightmapEditorSettings:
    serializedVersion: 12
    m_Resolution: 2
    m_BakeResolution: 40
    m_AtlasSize: 1024
    m_AO: 0
    m_AOMaxDistance: 1
    m_CompAOExponent: 1
    m_CompAOExponentDirect: 0
    m_ExtractAmbientOcclusion: 0
    m_Padding: 2
    m_LightmapParameters: {fileID: 0}
    m_LightmapsBakeMode: 1
    m_TextureCompression: 1
    m_FinalGather: 0
    m_FinalGatherFiltering: 1
    m_FinalGatherRayCount: 256
    m_ReflectionCompression: 2
    m_MixedBakeMode: 2
    m_BakeBackend: 1
    m_PVRSampling: 1
    m_PVRDirectSampleCount: 32
    m_PVRSampleCount: 512
    m_PVRBounces: 2
    m_PVREnvironmentSampleCount: 256
    m_PVREnvironmentReferencePointCount: 2048
    m_PVRFilteringMode: 1
    m_PVRDenoiserTypeDirect: 1
    m_PVRDenoiserTypeIndirect: 1
    m_PVRDenoiserTypeAO: 1
    m_PVRFilterTypeDirect: 0
    m_PVRFilterTypeIndirect: 0
    m_PVRFilterTypeAO: 0
    m_PVREnvironmentMIS: 1
    m_PVRCulling: 1
    m_PVRFilteringGaussRadiusDirect: 1
    m_PVRFilteringGaussRadiusIndirect: 5
    m_PVRFilteringGaussRadiusAO: 2
    m_PVRFilteringAtrousPositionSigmaDirect: 0.5
    m_PVRFilteringAtrousPositionSigmaIndirect: 2
    m_PVRFilteringAtrousPositionSigmaAO: 1
    m_ExportTrainingData: 0
    m_TrainingDataDestination: TrainingData
    m_LightProbeSampleCountMultiplier: 4
  m_LightingDataAsset: {fileID: 0}
  m_LightingSettings: {fileID: 0}
--- !u!196 &4
NavMeshSettings:
  serializedVersion: 2
  m_ObjectHideFlags: 0
  m_BuildSettings:
    serializedVersion: 2
    agentTypeID: 0
    agentRadius: 0.5
    agentHeight: 2
    agentSlope: 45
    agentClimb: 0.4
    ledgeDropHeight: 0
    maxJumpAcrossDistance: 0
    minRegionArea: 2
    manualCellSize: 0
    cellSize: 0.16666667
    manualTileSize: 0
    tileSize: 256
    accuratePlacement: 0
    maxJobWorkers: 0
    preserveTilesOutsideBounds: 0
    debug:
      m_Flags: 0
  m_NavMeshData: {fileID: 0}
--- !u!1 &47365962
GameObject:
  m_ObjectHideFlags: 0
  m_CorrespondingSourceObject: {fileID: 0}
  m_PrefabInstance: {fileID: 0}
  m_PrefabAsset: {fileID: 0}
  serializedVersion: 6
  m_Component:
  - component: {fileID: 47365963}
  m_Layer: 0
  m_Name: waypoint (3)
  m_TagString: Untagged
  m_Icon: {fileID: 0}
  m_NavMeshLayer: 0
  m_StaticEditorFlags: 0
  m_IsActive: 1
--- !u!4 &47365963
Transform:
  m_ObjectHideFlags: 0
  m_CorrespondingSourceObject: {fileID: 0}
  m_PrefabInstance: {fileID: 0}
  m_PrefabAsset: {fileID: 0}
  m_GameObject: {fileID: 47365962}
  m_LocalRotation: {x: 0, y: 0, z: 0, w: 1}
  m_LocalPosition: {x: -6.58, y: 0.31, z: -9.01}
  m_LocalScale: {x: 1, y: 1, z: 1}
  m_Children: []
  m_Father: {fileID: 0}
  m_RootOrder: 12
  m_LocalEulerAnglesHint: {x: 0, y: 0, z: 0}
--- !u!1 &110397219
GameObject:
  m_ObjectHideFlags: 0
  m_CorrespondingSourceObject: {fileID: 0}
  m_PrefabInstance: {fileID: 0}
  m_PrefabAsset: {fileID: 0}
  serializedVersion: 6
  m_Component:
  - component: {fileID: 110397220}
  m_Layer: 0
  m_Name: waypoint (1)
  m_TagString: Untagged
  m_Icon: {fileID: 0}
  m_NavMeshLayer: 0
  m_StaticEditorFlags: 0
  m_IsActive: 1
--- !u!4 &110397220
Transform:
  m_ObjectHideFlags: 0
  m_CorrespondingSourceObject: {fileID: 0}
  m_PrefabInstance: {fileID: 0}
  m_PrefabAsset: {fileID: 0}
  m_GameObject: {fileID: 110397219}
  m_LocalRotation: {x: 0, y: 0, z: 0, w: 1}
  m_LocalPosition: {x: -14.7, y: 0.34, z: -8.46}
  m_LocalScale: {x: 1, y: 1, z: 1}
  m_Children: []
  m_Father: {fileID: 0}
  m_RootOrder: 10
  m_LocalEulerAnglesHint: {x: 0, y: 0, z: 0}
--- !u!1001 &156986076
PrefabInstance:
  m_ObjectHideFlags: 0
  serializedVersion: 2
  m_Modification:
    m_TransformParent: {fileID: 0}
    m_Modifications:
    - target: {fileID: 1835386226, guid: 89830db6b3b9d26c59c163cdcfbf1c8d, type: 3}
      propertyPath: team
      value: 2
      objectReference: {fileID: 0}
    - target: {fileID: 1835386226, guid: 89830db6b3b9d26c59c163cdcfbf1c8d, type: 3}
      propertyPath: waypoints.Array.data[0]
      value: 
      objectReference: {fileID: 1471918005}
    - target: {fileID: 1835386226, guid: 89830db6b3b9d26c59c163cdcfbf1c8d, type: 3}
      propertyPath: waypoints.Array.data[1]
      value: 
      objectReference: {fileID: 110397220}
    - target: {fileID: 1835386226, guid: 89830db6b3b9d26c59c163cdcfbf1c8d, type: 3}
      propertyPath: waypoints.Array.data[2]
      value: 
      objectReference: {fileID: 1286241860}
    - target: {fileID: 2408448396888911083, guid: 89830db6b3b9d26c59c163cdcfbf1c8d, type: 3}
      propertyPath: m_RootOrder
      value: 18
      objectReference: {fileID: 0}
    - target: {fileID: 2408448396888911083, guid: 89830db6b3b9d26c59c163cdcfbf1c8d, type: 3}
      propertyPath: m_LocalPosition.x
      value: -7.1
      objectReference: {fileID: 0}
    - target: {fileID: 2408448396888911083, guid: 89830db6b3b9d26c59c163cdcfbf1c8d, type: 3}
      propertyPath: m_LocalPosition.y
      value: 0.51
      objectReference: {fileID: 0}
    - target: {fileID: 2408448396888911083, guid: 89830db6b3b9d26c59c163cdcfbf1c8d, type: 3}
      propertyPath: m_LocalPosition.z
      value: 33.6
      objectReference: {fileID: 0}
    - target: {fileID: 2408448396888911083, guid: 89830db6b3b9d26c59c163cdcfbf1c8d, type: 3}
      propertyPath: m_LocalRotation.w
      value: 1
      objectReference: {fileID: 0}
    - target: {fileID: 2408448396888911083, guid: 89830db6b3b9d26c59c163cdcfbf1c8d, type: 3}
      propertyPath: m_LocalRotation.x
      value: 0
      objectReference: {fileID: 0}
    - target: {fileID: 2408448396888911083, guid: 89830db6b3b9d26c59c163cdcfbf1c8d, type: 3}
      propertyPath: m_LocalRotation.y
      value: 0
      objectReference: {fileID: 0}
    - target: {fileID: 2408448396888911083, guid: 89830db6b3b9d26c59c163cdcfbf1c8d, type: 3}
      propertyPath: m_LocalRotation.z
      value: 0
      objectReference: {fileID: 0}
    - target: {fileID: 2408448396888911083, guid: 89830db6b3b9d26c59c163cdcfbf1c8d, type: 3}
      propertyPath: m_LocalEulerAnglesHint.x
      value: 0
      objectReference: {fileID: 0}
    - target: {fileID: 2408448396888911083, guid: 89830db6b3b9d26c59c163cdcfbf1c8d, type: 3}
      propertyPath: m_LocalEulerAnglesHint.y
      value: 0
      objectReference: {fileID: 0}
    - target: {fileID: 2408448396888911083, guid: 89830db6b3b9d26c59c163cdcfbf1c8d, type: 3}
      propertyPath: m_LocalEulerAnglesHint.z
      value: 0
      objectReference: {fileID: 0}
    - target: {fileID: 7772648786043947357, guid: 89830db6b3b9d26c59c163cdcfbf1c8d, type: 3}
      propertyPath: m_Name
      value: Minion (5)
      objectReference: {fileID: 0}
    m_RemovedComponents: []
  m_SourcePrefab: {fileID: 100100000, guid: 89830db6b3b9d26c59c163cdcfbf1c8d, type: 3}
--- !u!1 &281319119
GameObject:
  m_ObjectHideFlags: 0
  m_CorrespondingSourceObject: {fileID: 0}
  m_PrefabInstance: {fileID: 0}
  m_PrefabAsset: {fileID: 0}
  serializedVersion: 6
  m_Component:
  - component: {fileID: 281319120}
  - component: {fileID: 281319123}
  - component: {fileID: 281319122}
  - component: {fileID: 281319121}
  m_Layer: 0
  m_Name: Cube (6)
  m_TagString: Untagged
  m_Icon: {fileID: 0}
  m_NavMeshLayer: 0
  m_StaticEditorFlags: 0
  m_IsActive: 1
--- !u!4 &281319120
Transform:
  m_ObjectHideFlags: 0
  m_CorrespondingSourceObject: {fileID: 0}
  m_PrefabInstance: {fileID: 0}
  m_PrefabAsset: {fileID: 0}
  m_GameObject: {fileID: 281319119}
  m_LocalRotation: {x: -0, y: 0.3921238, z: -0, w: 0.9199125}
  m_LocalPosition: {x: -0.872, y: 0.098, z: -0.947}
  m_LocalScale: {x: 0.1681067, y: 0.25, z: 0.25}
  m_Children: []
  m_Father: {fileID: 377853650}
  m_RootOrder: 6
  m_LocalEulerAnglesHint: {x: 0, y: 46.173, z: 0}
--- !u!65 &281319121
BoxCollider:
  m_ObjectHideFlags: 0
  m_CorrespondingSourceObject: {fileID: 0}
  m_PrefabInstance: {fileID: 0}
  m_PrefabAsset: {fileID: 0}
  m_GameObject: {fileID: 281319119}
  m_Material: {fileID: 0}
  m_IsTrigger: 0
  m_Enabled: 1
  serializedVersion: 2
  m_Size: {x: 1, y: 1, z: 1}
  m_Center: {x: 0, y: 0, z: 0}
--- !u!23 &281319122
MeshRenderer:
  m_ObjectHideFlags: 0
  m_CorrespondingSourceObject: {fileID: 0}
  m_PrefabInstance: {fileID: 0}
  m_PrefabAsset: {fileID: 0}
  m_GameObject: {fileID: 281319119}
  m_Enabled: 1
  m_CastShadows: 1
  m_ReceiveShadows: 1
  m_DynamicOccludee: 1
  m_MotionVectors: 1
  m_LightProbeUsage: 1
  m_ReflectionProbeUsage: 1
  m_RayTracingMode: 2
  m_RayTraceProcedural: 0
  m_RenderingLayerMask: 1
  m_RendererPriority: 0
  m_Materials:
  - {fileID: 2100000, guid: 245daf8289287e5a0bd3a7bc290faaa1, type: 2}
  m_StaticBatchInfo:
    firstSubMesh: 0
    subMeshCount: 0
  m_StaticBatchRoot: {fileID: 0}
  m_ProbeAnchor: {fileID: 0}
  m_LightProbeVolumeOverride: {fileID: 0}
  m_ScaleInLightmap: 1
  m_ReceiveGI: 1
  m_PreserveUVs: 0
  m_IgnoreNormalsForChartDetection: 0
  m_ImportantGI: 0
  m_StitchLightmapSeams: 1
  m_SelectedEditorRenderState: 3
  m_MinimumChartSize: 4
  m_AutoUVMaxDistance: 0.5
  m_AutoUVMaxAngle: 89
  m_LightmapParameters: {fileID: 0}
  m_SortingLayerID: 0
  m_SortingLayer: 0
  m_SortingOrder: 0
  m_AdditionalVertexStreams: {fileID: 0}
--- !u!33 &281319123
MeshFilter:
  m_ObjectHideFlags: 0
  m_CorrespondingSourceObject: {fileID: 0}
  m_PrefabInstance: {fileID: 0}
  m_PrefabAsset: {fileID: 0}
  m_GameObject: {fileID: 281319119}
  m_Mesh: {fileID: 10202, guid: 0000000000000000e000000000000000, type: 0}
--- !u!1001 &310839425
PrefabInstance:
  m_ObjectHideFlags: 0
  serializedVersion: 2
  m_Modification:
    m_TransformParent: {fileID: 0}
    m_Modifications:
    - target: {fileID: 1835386226, guid: 89830db6b3b9d26c59c163cdcfbf1c8d, type: 3}
      propertyPath: team
      value: 1
      objectReference: {fileID: 0}
    - target: {fileID: 1835386226, guid: 89830db6b3b9d26c59c163cdcfbf1c8d, type: 3}
      propertyPath: waypoints.Array.size
      value: 4
      objectReference: {fileID: 0}
    - target: {fileID: 1835386226, guid: 89830db6b3b9d26c59c163cdcfbf1c8d, type: 3}
      propertyPath: waypoints.Array.data[0]
      value: 
      objectReference: {fileID: 2053299972}
    - target: {fileID: 1835386226, guid: 89830db6b3b9d26c59c163cdcfbf1c8d, type: 3}
      propertyPath: waypoints.Array.data[1]
      value: 
      objectReference: {fileID: 47365963}
    - target: {fileID: 1835386226, guid: 89830db6b3b9d26c59c163cdcfbf1c8d, type: 3}
      propertyPath: waypoints.Array.data[2]
      value: 
      objectReference: {fileID: 1350734192}
    - target: {fileID: 1835386226, guid: 89830db6b3b9d26c59c163cdcfbf1c8d, type: 3}
      propertyPath: waypoints.Array.data[3]
      value: 
      objectReference: {fileID: 1286241860}
    - target: {fileID: 2408448396888911083, guid: 89830db6b3b9d26c59c163cdcfbf1c8d, type: 3}
      propertyPath: m_RootOrder
      value: 6
      objectReference: {fileID: 0}
    - target: {fileID: 2408448396888911083, guid: 89830db6b3b9d26c59c163cdcfbf1c8d, type: 3}
      propertyPath: m_LocalPosition.x
      value: -1.82
      objectReference: {fileID: 0}
    - target: {fileID: 2408448396888911083, guid: 89830db6b3b9d26c59c163cdcfbf1c8d, type: 3}
      propertyPath: m_LocalPosition.y
      value: 0.51
      objectReference: {fileID: 0}
    - target: {fileID: 2408448396888911083, guid: 89830db6b3b9d26c59c163cdcfbf1c8d, type: 3}
      propertyPath: m_LocalPosition.z
      value: 3.61
      objectReference: {fileID: 0}
    - target: {fileID: 2408448396888911083, guid: 89830db6b3b9d26c59c163cdcfbf1c8d, type: 3}
      propertyPath: m_LocalRotation.w
      value: 1
      objectReference: {fileID: 0}
    - target: {fileID: 2408448396888911083, guid: 89830db6b3b9d26c59c163cdcfbf1c8d, type: 3}
      propertyPath: m_LocalRotation.x
      value: 0
      objectReference: {fileID: 0}
    - target: {fileID: 2408448396888911083, guid: 89830db6b3b9d26c59c163cdcfbf1c8d, type: 3}
      propertyPath: m_LocalRotation.y
      value: 0
      objectReference: {fileID: 0}
    - target: {fileID: 2408448396888911083, guid: 89830db6b3b9d26c59c163cdcfbf1c8d, type: 3}
      propertyPath: m_LocalRotation.z
      value: 0
      objectReference: {fileID: 0}
    - target: {fileID: 2408448396888911083, guid: 89830db6b3b9d26c59c163cdcfbf1c8d, type: 3}
      propertyPath: m_LocalEulerAnglesHint.x
      value: 0
      objectReference: {fileID: 0}
    - target: {fileID: 2408448396888911083, guid: 89830db6b3b9d26c59c163cdcfbf1c8d, type: 3}
      propertyPath: m_LocalEulerAnglesHint.y
      value: 0
      objectReference: {fileID: 0}
    - target: {fileID: 2408448396888911083, guid: 89830db6b3b9d26c59c163cdcfbf1c8d, type: 3}
      propertyPath: m_LocalEulerAnglesHint.z
      value: 0
      objectReference: {fileID: 0}
    - target: {fileID: 7772648786043947357, guid: 89830db6b3b9d26c59c163cdcfbf1c8d, type: 3}
      propertyPath: m_Name
      value: Minion (2)
      objectReference: {fileID: 0}
    m_RemovedComponents: []
  m_SourcePrefab: {fileID: 100100000, guid: 89830db6b3b9d26c59c163cdcfbf1c8d, type: 3}
--- !u!4 &377853650 stripped
Transform:
  m_CorrespondingSourceObject: {fileID: 9044684755605320014, guid: 389ab5695fd66a847a6290e04acd5778, type: 3}
  m_PrefabInstance: {fileID: 7965060380938792253}
  m_PrefabAsset: {fileID: 0}
--- !u!1 &476766786
GameObject:
  m_ObjectHideFlags: 0
  m_CorrespondingSourceObject: {fileID: 0}
  m_PrefabInstance: {fileID: 0}
  m_PrefabAsset: {fileID: 0}
  serializedVersion: 6
  m_Component:
  - component: {fileID: 476766789}
  - component: {fileID: 476766788}
  - component: {fileID: 476766787}
  m_Layer: 0
  m_Name: Main Camera
  m_TagString: MainCamera
  m_Icon: {fileID: 0}
  m_NavMeshLayer: 0
  m_StaticEditorFlags: 0
  m_IsActive: 1
--- !u!81 &476766787
AudioListener:
  m_ObjectHideFlags: 0
  m_CorrespondingSourceObject: {fileID: 0}
  m_PrefabInstance: {fileID: 0}
  m_PrefabAsset: {fileID: 0}
  m_GameObject: {fileID: 476766786}
  m_Enabled: 1
--- !u!20 &476766788
Camera:
  m_ObjectHideFlags: 0
  m_CorrespondingSourceObject: {fileID: 0}
  m_PrefabInstance: {fileID: 0}
  m_PrefabAsset: {fileID: 0}
  m_GameObject: {fileID: 476766786}
  m_Enabled: 1
  serializedVersion: 2
  m_ClearFlags: 1
  m_BackGroundColor: {r: 0.19215687, g: 0.3019608, b: 0.4745098, a: 0}
  m_projectionMatrixMode: 1
  m_GateFitMode: 2
  m_FOVAxisMode: 0
  m_SensorSize: {x: 36, y: 24}
  m_LensShift: {x: 0, y: 0}
  m_FocalLength: 50
  m_NormalizedViewPortRect:
    serializedVersion: 2
    x: 0
    y: 0
    width: 1
    height: 1
  near clip plane: 0.3
  far clip plane: 1000
  field of view: 60
  orthographic: 0
  orthographic size: 5
  m_Depth: -1
  m_CullingMask:
    serializedVersion: 2
    m_Bits: 4294967295
  m_RenderingPath: -1
  m_TargetTexture: {fileID: 0}
  m_TargetDisplay: 0
  m_TargetEye: 3
  m_HDR: 1
  m_AllowMSAA: 1
  m_AllowDynamicResolution: 0
  m_ForceIntoRT: 0
  m_OcclusionCulling: 1
  m_StereoConvergence: 10
  m_StereoSeparation: 0.022
--- !u!4 &476766789
Transform:
  m_ObjectHideFlags: 0
  m_CorrespondingSourceObject: {fileID: 0}
  m_PrefabInstance: {fileID: 0}
  m_PrefabAsset: {fileID: 0}
  m_GameObject: {fileID: 476766786}
  m_LocalRotation: {x: 0.28183028, y: -0.13698788, z: 0.0669456, w: 0.947272}
  m_LocalPosition: {x: -0.53, y: 11.52, z: -20.31}
  m_LocalScale: {x: 1, y: 1, z: 1}
  m_Children: []
  m_Father: {fileID: 0}
  m_RootOrder: 0
  m_LocalEulerAnglesHint: {x: 33.524, y: -15.429, z: 3.412}
--- !u!1001 &513453876
PrefabInstance:
  m_ObjectHideFlags: 0
  serializedVersion: 2
  m_Modification:
    m_TransformParent: {fileID: 0}
    m_Modifications:
    - target: {fileID: 1835386226, guid: 89830db6b3b9d26c59c163cdcfbf1c8d, type: 3}
      propertyPath: team
      value: 2
      objectReference: {fileID: 0}
    - target: {fileID: 1835386226, guid: 89830db6b3b9d26c59c163cdcfbf1c8d, type: 3}
      propertyPath: waypoints.Array.size
      value: 4
      objectReference: {fileID: 0}
    - target: {fileID: 1835386226, guid: 89830db6b3b9d26c59c163cdcfbf1c8d, type: 3}
      propertyPath: waypoints.Array.data[0]
      value: 
      objectReference: {fileID: 2053299972}
    - target: {fileID: 1835386226, guid: 89830db6b3b9d26c59c163cdcfbf1c8d, type: 3}
      propertyPath: waypoints.Array.data[1]
      value: 
      objectReference: {fileID: 47365963}
    - target: {fileID: 1835386226, guid: 89830db6b3b9d26c59c163cdcfbf1c8d, type: 3}
      propertyPath: waypoints.Array.data[2]
      value: 
      objectReference: {fileID: 1350734192}
    - target: {fileID: 1835386226, guid: 89830db6b3b9d26c59c163cdcfbf1c8d, type: 3}
      propertyPath: waypoints.Array.data[3]
      value: 
      objectReference: {fileID: 1286241860}
    - target: {fileID: 2408448396888911083, guid: 89830db6b3b9d26c59c163cdcfbf1c8d, type: 3}
      propertyPath: m_RootOrder
      value: 17
      objectReference: {fileID: 0}
    - target: {fileID: 2408448396888911083, guid: 89830db6b3b9d26c59c163cdcfbf1c8d, type: 3}
      propertyPath: m_LocalPosition.x
      value: -10.5199995
      objectReference: {fileID: 0}
    - target: {fileID: 2408448396888911083, guid: 89830db6b3b9d26c59c163cdcfbf1c8d, type: 3}
      propertyPath: m_LocalPosition.y
      value: 0.51
      objectReference: {fileID: 0}
    - target: {fileID: 2408448396888911083, guid: 89830db6b3b9d26c59c163cdcfbf1c8d, type: 3}
      propertyPath: m_LocalPosition.z
      value: 40.01
      objectReference: {fileID: 0}
    - target: {fileID: 2408448396888911083, guid: 89830db6b3b9d26c59c163cdcfbf1c8d, type: 3}
      propertyPath: m_LocalRotation.w
      value: 1
      objectReference: {fileID: 0}
    - target: {fileID: 2408448396888911083, guid: 89830db6b3b9d26c59c163cdcfbf1c8d, type: 3}
      propertyPath: m_LocalRotation.x
      value: 0
      objectReference: {fileID: 0}
    - target: {fileID: 2408448396888911083, guid: 89830db6b3b9d26c59c163cdcfbf1c8d, type: 3}
      propertyPath: m_LocalRotation.y
      value: 0
      objectReference: {fileID: 0}
    - target: {fileID: 2408448396888911083, guid: 89830db6b3b9d26c59c163cdcfbf1c8d, type: 3}
      propertyPath: m_LocalRotation.z
      value: 0
      objectReference: {fileID: 0}
    - target: {fileID: 2408448396888911083, guid: 89830db6b3b9d26c59c163cdcfbf1c8d, type: 3}
      propertyPath: m_LocalEulerAnglesHint.x
      value: 0
      objectReference: {fileID: 0}
    - target: {fileID: 2408448396888911083, guid: 89830db6b3b9d26c59c163cdcfbf1c8d, type: 3}
      propertyPath: m_LocalEulerAnglesHint.y
      value: 0
      objectReference: {fileID: 0}
    - target: {fileID: 2408448396888911083, guid: 89830db6b3b9d26c59c163cdcfbf1c8d, type: 3}
      propertyPath: m_LocalEulerAnglesHint.z
      value: 0
      objectReference: {fileID: 0}
    - target: {fileID: 7772648786043947357, guid: 89830db6b3b9d26c59c163cdcfbf1c8d, type: 3}
      propertyPath: m_Name
      value: Minion (6)
      objectReference: {fileID: 0}
    m_RemovedComponents: []
  m_SourcePrefab: {fileID: 100100000, guid: 89830db6b3b9d26c59c163cdcfbf1c8d, type: 3}
--- !u!1 &629692721
GameObject:
  m_ObjectHideFlags: 0
  m_CorrespondingSourceObject: {fileID: 0}
  m_PrefabInstance: {fileID: 0}
  m_PrefabAsset: {fileID: 0}
  serializedVersion: 6
  m_Component:
  - component: {fileID: 629692722}
  - component: {fileID: 629692725}
  - component: {fileID: 629692724}
  - component: {fileID: 629692723}
  m_Layer: 0
  m_Name: Cube (4)
  m_TagString: Untagged
  m_Icon: {fileID: 0}
  m_NavMeshLayer: 0
  m_StaticEditorFlags: 0
  m_IsActive: 1
--- !u!4 &629692722
Transform:
  m_ObjectHideFlags: 0
  m_CorrespondingSourceObject: {fileID: 0}
  m_PrefabInstance: {fileID: 0}
  m_PrefabAsset: {fileID: 0}
  m_GameObject: {fileID: 629692721}
  m_LocalRotation: {x: -0, y: 0.53214234, z: -0, w: 0.84665495}
  m_LocalPosition: {x: -0.773, y: 0.098, z: -0.409}
  m_LocalScale: {x: 0.32765377, y: 0.25, z: 0.25}
  m_Children: []
  m_Father: {fileID: 377853650}
  m_RootOrder: 4
  m_LocalEulerAnglesHint: {x: 0, y: 64.301, z: 0}
--- !u!65 &629692723
BoxCollider:
  m_ObjectHideFlags: 0
  m_CorrespondingSourceObject: {fileID: 0}
  m_PrefabInstance: {fileID: 0}
  m_PrefabAsset: {fileID: 0}
  m_GameObject: {fileID: 629692721}
  m_Material: {fileID: 0}
  m_IsTrigger: 0
  m_Enabled: 1
  serializedVersion: 2
  m_Size: {x: 1, y: 1, z: 1}
  m_Center: {x: 0, y: 0, z: 0}
--- !u!23 &629692724
MeshRenderer:
  m_ObjectHideFlags: 0
  m_CorrespondingSourceObject: {fileID: 0}
  m_PrefabInstance: {fileID: 0}
  m_PrefabAsset: {fileID: 0}
  m_GameObject: {fileID: 629692721}
  m_Enabled: 1
  m_CastShadows: 1
  m_ReceiveShadows: 1
  m_DynamicOccludee: 1
  m_MotionVectors: 1
  m_LightProbeUsage: 1
  m_ReflectionProbeUsage: 1
  m_RayTracingMode: 2
  m_RayTraceProcedural: 0
  m_RenderingLayerMask: 1
  m_RendererPriority: 0
  m_Materials:
  - {fileID: 2100000, guid: 245daf8289287e5a0bd3a7bc290faaa1, type: 2}
  m_StaticBatchInfo:
    firstSubMesh: 0
    subMeshCount: 0
  m_StaticBatchRoot: {fileID: 0}
  m_ProbeAnchor: {fileID: 0}
  m_LightProbeVolumeOverride: {fileID: 0}
  m_ScaleInLightmap: 1
  m_ReceiveGI: 1
  m_PreserveUVs: 0
  m_IgnoreNormalsForChartDetection: 0
  m_ImportantGI: 0
  m_StitchLightmapSeams: 1
  m_SelectedEditorRenderState: 3
  m_MinimumChartSize: 4
  m_AutoUVMaxDistance: 0.5
  m_AutoUVMaxAngle: 89
  m_LightmapParameters: {fileID: 0}
  m_SortingLayerID: 0
  m_SortingLayer: 0
  m_SortingOrder: 0
  m_AdditionalVertexStreams: {fileID: 0}
--- !u!33 &629692725
MeshFilter:
  m_ObjectHideFlags: 0
  m_CorrespondingSourceObject: {fileID: 0}
  m_PrefabInstance: {fileID: 0}
  m_PrefabAsset: {fileID: 0}
  m_GameObject: {fileID: 629692721}
  m_Mesh: {fileID: 10202, guid: 0000000000000000e000000000000000, type: 0}
--- !u!1 &1033621878
GameObject:
  m_ObjectHideFlags: 0
  m_CorrespondingSourceObject: {fileID: 0}
  m_PrefabInstance: {fileID: 0}
  m_PrefabAsset: {fileID: 0}
  serializedVersion: 6
  m_Component:
  - component: {fileID: 1033621879}
  m_Layer: 0
  m_Name: waypoint (6)
  m_TagString: Untagged
  m_Icon: {fileID: 0}
  m_NavMeshLayer: 0
  m_StaticEditorFlags: 0
  m_IsActive: 1
--- !u!4 &1033621879
Transform:
  m_ObjectHideFlags: 0
  m_CorrespondingSourceObject: {fileID: 0}
  m_PrefabInstance: {fileID: 0}
  m_PrefabAsset: {fileID: 0}
  m_GameObject: {fileID: 1033621878}
  m_LocalRotation: {x: 0, y: 0, z: 0, w: 1}
  m_LocalPosition: {x: -5.96, y: 0.31, z: -13.82}
  m_LocalScale: {x: 1, y: 1, z: 1}
  m_Children: []
  m_Father: {fileID: 0}
  m_RootOrder: 15
  m_LocalEulerAnglesHint: {x: 0, y: 0, z: 0}
--- !u!1001 &1066509000
PrefabInstance:
  m_ObjectHideFlags: 0
  serializedVersion: 2
  m_Modification:
    m_TransformParent: {fileID: 0}
    m_Modifications:
    - target: {fileID: 3009703137885344597, guid: b4a138ec8a9a275019db756d922f4cfa, type: 3}
      propertyPath: team
      value: 2
      objectReference: {fileID: 0}
    - target: {fileID: 3084616623779011183, guid: b4a138ec8a9a275019db756d922f4cfa, type: 3}
      propertyPath: m_Name
      value: Player2
      objectReference: {fileID: 0}
    - target: {fileID: 5699206270809948615, guid: b4a138ec8a9a275019db756d922f4cfa, type: 3}
      propertyPath: m_Mesh
      value: 
      objectReference: {fileID: 10202, guid: 0000000000000000e000000000000000, type: 0}
    - target: {fileID: 6236829726474133753, guid: b4a138ec8a9a275019db756d922f4cfa, type: 3}
      propertyPath: m_RootOrder
      value: 16
      objectReference: {fileID: 0}
    - target: {fileID: 6236829726474133753, guid: b4a138ec8a9a275019db756d922f4cfa, type: 3}
      propertyPath: m_LocalPosition.x
      value: 0.9
      objectReference: {fileID: 0}
    - target: {fileID: 6236829726474133753, guid: b4a138ec8a9a275019db756d922f4cfa, type: 3}
      propertyPath: m_LocalPosition.y
      value: 1.42
      objectReference: {fileID: 0}
    - target: {fileID: 6236829726474133753, guid: b4a138ec8a9a275019db756d922f4cfa, type: 3}
      propertyPath: m_LocalPosition.z
      value: 27.7
      objectReference: {fileID: 0}
    - target: {fileID: 6236829726474133753, guid: b4a138ec8a9a275019db756d922f4cfa, type: 3}
      propertyPath: m_LocalRotation.w
      value: 1
      objectReference: {fileID: 0}
    - target: {fileID: 6236829726474133753, guid: b4a138ec8a9a275019db756d922f4cfa, type: 3}
      propertyPath: m_LocalRotation.x
      value: 0
      objectReference: {fileID: 0}
    - target: {fileID: 6236829726474133753, guid: b4a138ec8a9a275019db756d922f4cfa, type: 3}
      propertyPath: m_LocalRotation.y
      value: 0
      objectReference: {fileID: 0}
    - target: {fileID: 6236829726474133753, guid: b4a138ec8a9a275019db756d922f4cfa, type: 3}
      propertyPath: m_LocalRotation.z
      value: 0
      objectReference: {fileID: 0}
    - target: {fileID: 6236829726474133753, guid: b4a138ec8a9a275019db756d922f4cfa, type: 3}
      propertyPath: m_LocalEulerAnglesHint.x
      value: 0
      objectReference: {fileID: 0}
    - target: {fileID: 6236829726474133753, guid: b4a138ec8a9a275019db756d922f4cfa, type: 3}
      propertyPath: m_LocalEulerAnglesHint.y
      value: 0
      objectReference: {fileID: 0}
    - target: {fileID: 6236829726474133753, guid: b4a138ec8a9a275019db756d922f4cfa, type: 3}
      propertyPath: m_LocalEulerAnglesHint.z
      value: 0
      objectReference: {fileID: 0}
    m_RemovedComponents: []
  m_SourcePrefab: {fileID: 100100000, guid: b4a138ec8a9a275019db756d922f4cfa, type: 3}
--- !u!1 &1234006357
GameObject:
  m_ObjectHideFlags: 0
  m_CorrespondingSourceObject: {fileID: 0}
  m_PrefabInstance: {fileID: 0}
  m_PrefabAsset: {fileID: 0}
  serializedVersion: 6
  m_Component:
  - component: {fileID: 1234006358}
  m_Layer: 0
  m_Name: waypoint (5)
  m_TagString: Untagged
  m_Icon: {fileID: 0}
  m_NavMeshLayer: 0
  m_StaticEditorFlags: 0
  m_IsActive: 1
--- !u!4 &1234006358
Transform:
  m_ObjectHideFlags: 0
  m_CorrespondingSourceObject: {fileID: 0}
  m_PrefabInstance: {fileID: 0}
  m_PrefabAsset: {fileID: 0}
  m_GameObject: {fileID: 1234006357}
  m_LocalRotation: {x: 0, y: 0, z: 0, w: 1}
  m_LocalPosition: {x: -0.05, y: 0.31, z: -10.1}
  m_LocalScale: {x: 1, y: 1, z: 1}
  m_Children: []
  m_Father: {fileID: 0}
  m_RootOrder: 14
  m_LocalEulerAnglesHint: {x: 0, y: 0, z: 0}
--- !u!4 &1286241860 stripped
Transform:
  m_CorrespondingSourceObject: {fileID: 2914189329944334853, guid: bdda905ccbc6ce5c0aa394e768ab5380, type: 3}
  m_PrefabInstance: {fileID: 2914189328797838401}
  m_PrefabAsset: {fileID: 0}
--- !u!1 &1296138407
GameObject:
  m_ObjectHideFlags: 0
  m_CorrespondingSourceObject: {fileID: 0}
  m_PrefabInstance: {fileID: 0}
  m_PrefabAsset: {fileID: 0}
  serializedVersion: 6
  m_Component:
  - component: {fileID: 1296138408}
  - component: {fileID: 1296138411}
  - component: {fileID: 1296138410}
  - component: {fileID: 1296138409}
  m_Layer: 0
  m_Name: Cube (5)
  m_TagString: Untagged
  m_Icon: {fileID: 0}
  m_NavMeshLayer: 0
  m_StaticEditorFlags: 0
  m_IsActive: 1
--- !u!4 &1296138408
Transform:
  m_ObjectHideFlags: 0
  m_CorrespondingSourceObject: {fileID: 0}
  m_PrefabInstance: {fileID: 0}
  m_PrefabAsset: {fileID: 0}
  m_GameObject: {fileID: 1296138407}
  m_LocalRotation: {x: -0, y: 0.26085427, z: -0, w: 0.9653783}
  m_LocalPosition: {x: -0.336, y: 0.098, z: -0.879}
  m_LocalScale: {x: 0.34814182, y: 0.25, z: 0.25}
  m_Children: []
  m_Father: {fileID: 377853650}
  m_RootOrder: 5
  m_LocalEulerAnglesHint: {x: 0, y: 30.242, z: 0}
--- !u!65 &1296138409
BoxCollider:
  m_ObjectHideFlags: 0
  m_CorrespondingSourceObject: {fileID: 0}
  m_PrefabInstance: {fileID: 0}
  m_PrefabAsset: {fileID: 0}
  m_GameObject: {fileID: 1296138407}
  m_Material: {fileID: 0}
  m_IsTrigger: 0
  m_Enabled: 1
  serializedVersion: 2
  m_Size: {x: 1, y: 1, z: 1}
  m_Center: {x: 0, y: 0, z: 0}
--- !u!23 &1296138410
MeshRenderer:
  m_ObjectHideFlags: 0
  m_CorrespondingSourceObject: {fileID: 0}
  m_PrefabInstance: {fileID: 0}
  m_PrefabAsset: {fileID: 0}
  m_GameObject: {fileID: 1296138407}
  m_Enabled: 1
  m_CastShadows: 1
  m_ReceiveShadows: 1
  m_DynamicOccludee: 1
  m_MotionVectors: 1
  m_LightProbeUsage: 1
  m_ReflectionProbeUsage: 1
  m_RayTracingMode: 2
  m_RayTraceProcedural: 0
  m_RenderingLayerMask: 1
  m_RendererPriority: 0
  m_Materials:
  - {fileID: 2100000, guid: 245daf8289287e5a0bd3a7bc290faaa1, type: 2}
  m_StaticBatchInfo:
    firstSubMesh: 0
    subMeshCount: 0
  m_StaticBatchRoot: {fileID: 0}
  m_ProbeAnchor: {fileID: 0}
  m_LightProbeVolumeOverride: {fileID: 0}
  m_ScaleInLightmap: 1
  m_ReceiveGI: 1
  m_PreserveUVs: 0
  m_IgnoreNormalsForChartDetection: 0
  m_ImportantGI: 0
  m_StitchLightmapSeams: 1
  m_SelectedEditorRenderState: 3
  m_MinimumChartSize: 4
  m_AutoUVMaxDistance: 0.5
  m_AutoUVMaxAngle: 89
  m_LightmapParameters: {fileID: 0}
  m_SortingLayerID: 0
  m_SortingLayer: 0
  m_SortingOrder: 0
  m_AdditionalVertexStreams: {fileID: 0}
--- !u!33 &1296138411
MeshFilter:
  m_ObjectHideFlags: 0
  m_CorrespondingSourceObject: {fileID: 0}
  m_PrefabInstance: {fileID: 0}
  m_PrefabAsset: {fileID: 0}
  m_GameObject: {fileID: 1296138407}
  m_Mesh: {fileID: 10202, guid: 0000000000000000e000000000000000, type: 0}
--- !u!1 &1343463673
GameObject:
  m_ObjectHideFlags: 0
  m_CorrespondingSourceObject: {fileID: 0}
  m_PrefabInstance: {fileID: 0}
  m_PrefabAsset: {fileID: 0}
  serializedVersion: 6
  m_Component:
  - component: {fileID: 1343463675}
  - component: {fileID: 1343463674}
  m_Layer: 0
  m_Name: Directional Light
  m_TagString: Untagged
  m_Icon: {fileID: 0}
  m_NavMeshLayer: 0
  m_StaticEditorFlags: 0
  m_IsActive: 1
--- !u!108 &1343463674
Light:
  m_ObjectHideFlags: 0
  m_CorrespondingSourceObject: {fileID: 0}
  m_PrefabInstance: {fileID: 0}
  m_PrefabAsset: {fileID: 0}
  m_GameObject: {fileID: 1343463673}
  m_Enabled: 1
  serializedVersion: 10
  m_Type: 1
  m_Shape: 0
  m_Color: {r: 1, g: 0.95686275, b: 0.8392157, a: 1}
  m_Intensity: 1
  m_Range: 10
  m_SpotAngle: 30
  m_InnerSpotAngle: 21.80208
  m_CookieSize: 10
  m_Shadows:
    m_Type: 2
    m_Resolution: -1
    m_CustomResolution: -1
    m_Strength: 1
    m_Bias: 0.05
    m_NormalBias: 0.4
    m_NearPlane: 0.2
    m_CullingMatrixOverride:
      e00: 1
      e01: 0
      e02: 0
      e03: 0
      e10: 0
      e11: 1
      e12: 0
      e13: 0
      e20: 0
      e21: 0
      e22: 1
      e23: 0
      e30: 0
      e31: 0
      e32: 0
      e33: 1
    m_UseCullingMatrixOverride: 0
  m_Cookie: {fileID: 0}
  m_DrawHalo: 0
  m_Flare: {fileID: 0}
  m_RenderMode: 0
  m_CullingMask:
    serializedVersion: 2
    m_Bits: 4294967295
  m_RenderingLayerMask: 1
  m_Lightmapping: 4
  m_LightShadowCasterMode: 0
  m_AreaSize: {x: 1, y: 1}
  m_BounceIntensity: 1
  m_ColorTemperature: 6570
  m_UseColorTemperature: 0
  m_BoundingSphereOverride: {x: 0, y: 0, z: 0, w: 0}
  m_UseBoundingSphereOverride: 0
  m_UseViewFrustumForShadowCasterCull: 1
  m_ShadowRadius: 0
  m_ShadowAngle: 0
--- !u!4 &1343463675
Transform:
  m_ObjectHideFlags: 0
  m_CorrespondingSourceObject: {fileID: 0}
  m_PrefabInstance: {fileID: 0}
  m_PrefabAsset: {fileID: 0}
  m_GameObject: {fileID: 1343463673}
  m_LocalRotation: {x: 0.40821788, y: -0.23456968, z: 0.10938163, w: 0.8754261}
  m_LocalPosition: {x: 0, y: 3, z: 0}
  m_LocalScale: {x: 1, y: 1, z: 1}
  m_Children: []
  m_Father: {fileID: 0}
  m_RootOrder: 1
  m_LocalEulerAnglesHint: {x: 50, y: -30, z: 0}
--- !u!1 &1350734191
GameObject:
  m_ObjectHideFlags: 0
  m_CorrespondingSourceObject: {fileID: 0}
  m_PrefabInstance: {fileID: 0}
  m_PrefabAsset: {fileID: 0}
  serializedVersion: 6
  m_Component:
  - component: {fileID: 1350734192}
  m_Layer: 0
  m_Name: waypoint (4)
  m_TagString: Untagged
  m_Icon: {fileID: 0}
  m_NavMeshLayer: 0
  m_StaticEditorFlags: 0
  m_IsActive: 1
--- !u!4 &1350734192
Transform:
  m_ObjectHideFlags: 0
  m_CorrespondingSourceObject: {fileID: 0}
  m_PrefabInstance: {fileID: 0}
  m_PrefabAsset: {fileID: 0}
  m_GameObject: {fileID: 1350734191}
  m_LocalRotation: {x: 0, y: 0, z: 0, w: 1}
  m_LocalPosition: {x: -7.63, y: 0.31, z: -11.9}
  m_LocalScale: {x: 1, y: 1, z: 1}
  m_Children: []
  m_Father: {fileID: 0}
  m_RootOrder: 13
  m_LocalEulerAnglesHint: {x: 0, y: 0, z: 0}
--- !u!1 &1471918004
GameObject:
  m_ObjectHideFlags: 0
  m_CorrespondingSourceObject: {fileID: 0}
  m_PrefabInstance: {fileID: 0}
  m_PrefabAsset: {fileID: 0}
  serializedVersion: 6
  m_Component:
  - component: {fileID: 1471918005}
  m_Layer: 0
  m_Name: waypoint
  m_TagString: Untagged
  m_Icon: {fileID: 0}
  m_NavMeshLayer: 0
  m_StaticEditorFlags: 0
  m_IsActive: 1
--- !u!4 &1471918005
Transform:
  m_ObjectHideFlags: 0
  m_CorrespondingSourceObject: {fileID: 0}
  m_PrefabInstance: {fileID: 0}
  m_PrefabAsset: {fileID: 0}
  m_GameObject: {fileID: 1471918004}
  m_LocalRotation: {x: 0, y: 0, z: 0, w: 1}
  m_LocalPosition: {x: -10.12, y: 0.31, z: 0.17}
  m_LocalScale: {x: 1, y: 1, z: 1}
  m_Children: []
  m_Father: {fileID: 0}
  m_RootOrder: 9
  m_LocalEulerAnglesHint: {x: 0, y: 0, z: 0}
--- !u!1001 &1642682893
PrefabInstance:
  m_ObjectHideFlags: 0
  serializedVersion: 2
  m_Modification:
    m_TransformParent: {fileID: 0}
    m_Modifications:
    - target: {fileID: 1835386226, guid: 89830db6b3b9d26c59c163cdcfbf1c8d, type: 3}
      propertyPath: team
      value: 2
      objectReference: {fileID: 0}
    - target: {fileID: 1835386226, guid: 89830db6b3b9d26c59c163cdcfbf1c8d, type: 3}
      propertyPath: waypoints.Array.data[0]
      value: 
      objectReference: {fileID: 1471918005}
    - target: {fileID: 1835386226, guid: 89830db6b3b9d26c59c163cdcfbf1c8d, type: 3}
      propertyPath: waypoints.Array.data[1]
      value: 
      objectReference: {fileID: 110397220}
    - target: {fileID: 1835386226, guid: 89830db6b3b9d26c59c163cdcfbf1c8d, type: 3}
      propertyPath: waypoints.Array.data[2]
      value: 
      objectReference: {fileID: 1286241860}
    - target: {fileID: 2408448396888911083, guid: 89830db6b3b9d26c59c163cdcfbf1c8d, type: 3}
      propertyPath: m_RootOrder
      value: 20
      objectReference: {fileID: 0}
    - target: {fileID: 2408448396888911083, guid: 89830db6b3b9d26c59c163cdcfbf1c8d, type: 3}
      propertyPath: m_LocalPosition.x
      value: -6.66
      objectReference: {fileID: 0}
    - target: {fileID: 2408448396888911083, guid: 89830db6b3b9d26c59c163cdcfbf1c8d, type: 3}
      propertyPath: m_LocalPosition.y
      value: 0.51
      objectReference: {fileID: 0}
    - target: {fileID: 2408448396888911083, guid: 89830db6b3b9d26c59c163cdcfbf1c8d, type: 3}
      propertyPath: m_LocalPosition.z
      value: 37.39
      objectReference: {fileID: 0}
    - target: {fileID: 2408448396888911083, guid: 89830db6b3b9d26c59c163cdcfbf1c8d, type: 3}
      propertyPath: m_LocalRotation.w
      value: 1
      objectReference: {fileID: 0}
    - target: {fileID: 2408448396888911083, guid: 89830db6b3b9d26c59c163cdcfbf1c8d, type: 3}
      propertyPath: m_LocalRotation.x
      value: 0
      objectReference: {fileID: 0}
    - target: {fileID: 2408448396888911083, guid: 89830db6b3b9d26c59c163cdcfbf1c8d, type: 3}
      propertyPath: m_LocalRotation.y
      value: 0
      objectReference: {fileID: 0}
    - target: {fileID: 2408448396888911083, guid: 89830db6b3b9d26c59c163cdcfbf1c8d, type: 3}
      propertyPath: m_LocalRotation.z
      value: 0
      objectReference: {fileID: 0}
    - target: {fileID: 2408448396888911083, guid: 89830db6b3b9d26c59c163cdcfbf1c8d, type: 3}
      propertyPath: m_LocalEulerAnglesHint.x
      value: 0
      objectReference: {fileID: 0}
    - target: {fileID: 2408448396888911083, guid: 89830db6b3b9d26c59c163cdcfbf1c8d, type: 3}
      propertyPath: m_LocalEulerAnglesHint.y
      value: 0
      objectReference: {fileID: 0}
    - target: {fileID: 2408448396888911083, guid: 89830db6b3b9d26c59c163cdcfbf1c8d, type: 3}
      propertyPath: m_LocalEulerAnglesHint.z
      value: 0
      objectReference: {fileID: 0}
    - target: {fileID: 7772648786043947357, guid: 89830db6b3b9d26c59c163cdcfbf1c8d, type: 3}
      propertyPath: m_Name
      value: Minion (4)
      objectReference: {fileID: 0}
    m_RemovedComponents: []
  m_SourcePrefab: {fileID: 100100000, guid: 89830db6b3b9d26c59c163cdcfbf1c8d, type: 3}
--- !u!1001 &1783800971
PrefabInstance:
  m_ObjectHideFlags: 0
  serializedVersion: 2
  m_Modification:
    m_TransformParent: {fileID: 0}
    m_Modifications:
    - target: {fileID: 1835386226, guid: 89830db6b3b9d26c59c163cdcfbf1c8d, type: 3}
      propertyPath: team
      value: 1
      objectReference: {fileID: 0}
    - target: {fileID: 1835386226, guid: 89830db6b3b9d26c59c163cdcfbf1c8d, type: 3}
      propertyPath: waypoints.Array.data[0]
      value: 
      objectReference: {fileID: 1471918005}
    - target: {fileID: 1835386226, guid: 89830db6b3b9d26c59c163cdcfbf1c8d, type: 3}
      propertyPath: waypoints.Array.data[1]
      value: 
      objectReference: {fileID: 110397220}
    - target: {fileID: 1835386226, guid: 89830db6b3b9d26c59c163cdcfbf1c8d, type: 3}
      propertyPath: waypoints.Array.data[2]
      value: 
      objectReference: {fileID: 1286241860}
    - target: {fileID: 2408448396888911083, guid: 89830db6b3b9d26c59c163cdcfbf1c8d, type: 3}
      propertyPath: m_RootOrder
      value: 5
      objectReference: {fileID: 0}
    - target: {fileID: 2408448396888911083, guid: 89830db6b3b9d26c59c163cdcfbf1c8d, type: 3}
      propertyPath: m_LocalPosition.x
      value: 1.6
      objectReference: {fileID: 0}
    - target: {fileID: 2408448396888911083, guid: 89830db6b3b9d26c59c163cdcfbf1c8d, type: 3}
      propertyPath: m_LocalPosition.y
      value: 0.51
      objectReference: {fileID: 0}
    - target: {fileID: 2408448396888911083, guid: 89830db6b3b9d26c59c163cdcfbf1c8d, type: 3}
      propertyPath: m_LocalPosition.z
      value: -2.8
      objectReference: {fileID: 0}
    - target: {fileID: 2408448396888911083, guid: 89830db6b3b9d26c59c163cdcfbf1c8d, type: 3}
      propertyPath: m_LocalRotation.w
      value: 1
      objectReference: {fileID: 0}
    - target: {fileID: 2408448396888911083, guid: 89830db6b3b9d26c59c163cdcfbf1c8d, type: 3}
      propertyPath: m_LocalRotation.x
      value: 0
      objectReference: {fileID: 0}
    - target: {fileID: 2408448396888911083, guid: 89830db6b3b9d26c59c163cdcfbf1c8d, type: 3}
      propertyPath: m_LocalRotation.y
      value: 0
      objectReference: {fileID: 0}
    - target: {fileID: 2408448396888911083, guid: 89830db6b3b9d26c59c163cdcfbf1c8d, type: 3}
      propertyPath: m_LocalRotation.z
      value: 0
      objectReference: {fileID: 0}
    - target: {fileID: 2408448396888911083, guid: 89830db6b3b9d26c59c163cdcfbf1c8d, type: 3}
      propertyPath: m_LocalEulerAnglesHint.x
      value: 0
      objectReference: {fileID: 0}
    - target: {fileID: 2408448396888911083, guid: 89830db6b3b9d26c59c163cdcfbf1c8d, type: 3}
      propertyPath: m_LocalEulerAnglesHint.y
      value: 0
      objectReference: {fileID: 0}
    - target: {fileID: 2408448396888911083, guid: 89830db6b3b9d26c59c163cdcfbf1c8d, type: 3}
      propertyPath: m_LocalEulerAnglesHint.z
      value: 0
      objectReference: {fileID: 0}
    - target: {fileID: 7772648786043947357, guid: 89830db6b3b9d26c59c163cdcfbf1c8d, type: 3}
      propertyPath: m_Name
      value: Minion (1)
      objectReference: {fileID: 0}
    m_RemovedComponents: []
  m_SourcePrefab: {fileID: 100100000, guid: 89830db6b3b9d26c59c163cdcfbf1c8d, type: 3}
--- !u!1001 &1836589170
PrefabInstance:
  m_ObjectHideFlags: 0
  serializedVersion: 2
  m_Modification:
    m_TransformParent: {fileID: 0}
    m_Modifications:
    - target: {fileID: 1835386226, guid: 89830db6b3b9d26c59c163cdcfbf1c8d, type: 3}
      propertyPath: team
      value: 1
      objectReference: {fileID: 0}
    - target: {fileID: 1835386226, guid: 89830db6b3b9d26c59c163cdcfbf1c8d, type: 3}
      propertyPath: waypoints.Array.data[0]
      value: 
      objectReference: {fileID: 1234006358}
    - target: {fileID: 1835386226, guid: 89830db6b3b9d26c59c163cdcfbf1c8d, type: 3}
      propertyPath: waypoints.Array.data[1]
      value: 
      objectReference: {fileID: 1033621879}
    - target: {fileID: 1835386226, guid: 89830db6b3b9d26c59c163cdcfbf1c8d, type: 3}
      propertyPath: waypoints.Array.data[2]
      value: 
      objectReference: {fileID: 1286241860}
    - target: {fileID: 2408448396888911083, guid: 89830db6b3b9d26c59c163cdcfbf1c8d, type: 3}
      propertyPath: m_RootOrder
      value: 7
      objectReference: {fileID: 0}
    - target: {fileID: 2408448396888911083, guid: 89830db6b3b9d26c59c163cdcfbf1c8d, type: 3}
      propertyPath: m_LocalPosition.x
      value: -2.21
      objectReference: {fileID: 0}
    - target: {fileID: 2408448396888911083, guid: 89830db6b3b9d26c59c163cdcfbf1c8d, type: 3}
      propertyPath: m_LocalPosition.y
      value: 0.51
      objectReference: {fileID: 0}
    - target: {fileID: 2408448396888911083, guid: 89830db6b3b9d26c59c163cdcfbf1c8d, type: 3}
      propertyPath: m_LocalPosition.z
      value: -1.71
      objectReference: {fileID: 0}
    - target: {fileID: 2408448396888911083, guid: 89830db6b3b9d26c59c163cdcfbf1c8d, type: 3}
      propertyPath: m_LocalRotation.w
      value: 1
      objectReference: {fileID: 0}
    - target: {fileID: 2408448396888911083, guid: 89830db6b3b9d26c59c163cdcfbf1c8d, type: 3}
      propertyPath: m_LocalRotation.x
      value: 0
      objectReference: {fileID: 0}
    - target: {fileID: 2408448396888911083, guid: 89830db6b3b9d26c59c163cdcfbf1c8d, type: 3}
      propertyPath: m_LocalRotation.y
      value: 0
      objectReference: {fileID: 0}
    - target: {fileID: 2408448396888911083, guid: 89830db6b3b9d26c59c163cdcfbf1c8d, type: 3}
      propertyPath: m_LocalRotation.z
      value: 0
      objectReference: {fileID: 0}
    - target: {fileID: 2408448396888911083, guid: 89830db6b3b9d26c59c163cdcfbf1c8d, type: 3}
      propertyPath: m_LocalEulerAnglesHint.x
      value: 0
      objectReference: {fileID: 0}
    - target: {fileID: 2408448396888911083, guid: 89830db6b3b9d26c59c163cdcfbf1c8d, type: 3}
      propertyPath: m_LocalEulerAnglesHint.y
      value: 0
      objectReference: {fileID: 0}
    - target: {fileID: 2408448396888911083, guid: 89830db6b3b9d26c59c163cdcfbf1c8d, type: 3}
      propertyPath: m_LocalEulerAnglesHint.z
      value: 0
      objectReference: {fileID: 0}
    - target: {fileID: 7772648786043947357, guid: 89830db6b3b9d26c59c163cdcfbf1c8d, type: 3}
      propertyPath: m_Name
      value: Minion (3)
      objectReference: {fileID: 0}
    m_RemovedComponents: []
  m_SourcePrefab: {fileID: 100100000, guid: 89830db6b3b9d26c59c163cdcfbf1c8d, type: 3}
--- !u!1001 &1839645095
PrefabInstance:
  m_ObjectHideFlags: 0
  serializedVersion: 2
  m_Modification:
    m_TransformParent: {fileID: 0}
    m_Modifications:
    - target: {fileID: 1835386226, guid: 89830db6b3b9d26c59c163cdcfbf1c8d, type: 3}
      propertyPath: team
      value: 2
      objectReference: {fileID: 0}
    - target: {fileID: 1835386226, guid: 89830db6b3b9d26c59c163cdcfbf1c8d, type: 3}
      propertyPath: waypoints.Array.data[0]
      value: 
      objectReference: {fileID: 1234006358}
    - target: {fileID: 1835386226, guid: 89830db6b3b9d26c59c163cdcfbf1c8d, type: 3}
      propertyPath: waypoints.Array.data[1]
      value: 
      objectReference: {fileID: 1033621879}
    - target: {fileID: 1835386226, guid: 89830db6b3b9d26c59c163cdcfbf1c8d, type: 3}
      propertyPath: waypoints.Array.data[2]
      value: 
      objectReference: {fileID: 1286241860}
    - target: {fileID: 2408448396888911083, guid: 89830db6b3b9d26c59c163cdcfbf1c8d, type: 3}
      propertyPath: m_RootOrder
      value: 19
      objectReference: {fileID: 0}
    - target: {fileID: 2408448396888911083, guid: 89830db6b3b9d26c59c163cdcfbf1c8d, type: 3}
      propertyPath: m_LocalPosition.x
      value: -10.91
      objectReference: {fileID: 0}
    - target: {fileID: 2408448396888911083, guid: 89830db6b3b9d26c59c163cdcfbf1c8d, type: 3}
      propertyPath: m_LocalPosition.y
      value: 0.51
      objectReference: {fileID: 0}
    - target: {fileID: 2408448396888911083, guid: 89830db6b3b9d26c59c163cdcfbf1c8d, type: 3}
      propertyPath: m_LocalPosition.z
      value: 34.69
      objectReference: {fileID: 0}
    - target: {fileID: 2408448396888911083, guid: 89830db6b3b9d26c59c163cdcfbf1c8d, type: 3}
      propertyPath: m_LocalRotation.w
      value: 1
      objectReference: {fileID: 0}
    - target: {fileID: 2408448396888911083, guid: 89830db6b3b9d26c59c163cdcfbf1c8d, type: 3}
      propertyPath: m_LocalRotation.x
      value: 0
      objectReference: {fileID: 0}
    - target: {fileID: 2408448396888911083, guid: 89830db6b3b9d26c59c163cdcfbf1c8d, type: 3}
      propertyPath: m_LocalRotation.y
      value: 0
      objectReference: {fileID: 0}
    - target: {fileID: 2408448396888911083, guid: 89830db6b3b9d26c59c163cdcfbf1c8d, type: 3}
      propertyPath: m_LocalRotation.z
      value: 0
      objectReference: {fileID: 0}
    - target: {fileID: 2408448396888911083, guid: 89830db6b3b9d26c59c163cdcfbf1c8d, type: 3}
      propertyPath: m_LocalEulerAnglesHint.x
      value: 0
      objectReference: {fileID: 0}
    - target: {fileID: 2408448396888911083, guid: 89830db6b3b9d26c59c163cdcfbf1c8d, type: 3}
      propertyPath: m_LocalEulerAnglesHint.y
      value: 0
      objectReference: {fileID: 0}
    - target: {fileID: 2408448396888911083, guid: 89830db6b3b9d26c59c163cdcfbf1c8d, type: 3}
      propertyPath: m_LocalEulerAnglesHint.z
      value: 0
      objectReference: {fileID: 0}
    - target: {fileID: 7772648786043947357, guid: 89830db6b3b9d26c59c163cdcfbf1c8d, type: 3}
      propertyPath: m_Name
      value: Minion (7)
      objectReference: {fileID: 0}
    m_RemovedComponents: []
  m_SourcePrefab: {fileID: 100100000, guid: 89830db6b3b9d26c59c163cdcfbf1c8d, type: 3}
--- !u!1 &2053299971
GameObject:
  m_ObjectHideFlags: 0
  m_CorrespondingSourceObject: {fileID: 0}
  m_PrefabInstance: {fileID: 0}
  m_PrefabAsset: {fileID: 0}
  serializedVersion: 6
  m_Component:
  - component: {fileID: 2053299972}
  m_Layer: 0
  m_Name: waypoint (2)
  m_TagString: Untagged
  m_Icon: {fileID: 0}
  m_NavMeshLayer: 0
  m_StaticEditorFlags: 0
  m_IsActive: 1
--- !u!4 &2053299972
Transform:
  m_ObjectHideFlags: 0
  m_CorrespondingSourceObject: {fileID: 0}
  m_PrefabInstance: {fileID: 0}
  m_PrefabAsset: {fileID: 0}
  m_GameObject: {fileID: 2053299971}
  m_LocalRotation: {x: 0, y: 0, z: 0, w: 1}
  m_LocalPosition: {x: -5.5, y: 0.31, z: -5.88}
  m_LocalScale: {x: 1, y: 1, z: 1}
  m_Children: []
  m_Father: {fileID: 0}
  m_RootOrder: 11
  m_LocalEulerAnglesHint: {x: 0, y: 0, z: 0}
--- !u!1001 &286259487428157136
PrefabInstance:
  m_ObjectHideFlags: 0
  serializedVersion: 2
  m_Modification:
    m_TransformParent: {fileID: 0}
    m_Modifications:
    - target: {fileID: 1835386226, guid: 89830db6b3b9d26c59c163cdcfbf1c8d, type: 3}
      propertyPath: team
      value: 1
      objectReference: {fileID: 0}
    - target: {fileID: 1835386226, guid: 89830db6b3b9d26c59c163cdcfbf1c8d, type: 3}
      propertyPath: waypoints.Array.data[0]
      value: 
      objectReference: {fileID: 1471918005}
    - target: {fileID: 1835386226, guid: 89830db6b3b9d26c59c163cdcfbf1c8d, type: 3}
      propertyPath: waypoints.Array.data[1]
      value: 
      objectReference: {fileID: 110397220}
    - target: {fileID: 1835386226, guid: 89830db6b3b9d26c59c163cdcfbf1c8d, type: 3}
      propertyPath: waypoints.Array.data[2]
      value: 
      objectReference: {fileID: 1286241860}
    - target: {fileID: 2408448396888911083, guid: 89830db6b3b9d26c59c163cdcfbf1c8d, type: 3}
      propertyPath: m_RootOrder
      value: 4
      objectReference: {fileID: 0}
    - target: {fileID: 2408448396888911083, guid: 89830db6b3b9d26c59c163cdcfbf1c8d, type: 3}
      propertyPath: m_LocalPosition.x
      value: 2.04
      objectReference: {fileID: 0}
    - target: {fileID: 2408448396888911083, guid: 89830db6b3b9d26c59c163cdcfbf1c8d, type: 3}
      propertyPath: m_LocalPosition.y
      value: 0.51
      objectReference: {fileID: 0}
    - target: {fileID: 2408448396888911083, guid: 89830db6b3b9d26c59c163cdcfbf1c8d, type: 3}
      propertyPath: m_LocalPosition.z
      value: 0.99
      objectReference: {fileID: 0}
    - target: {fileID: 2408448396888911083, guid: 89830db6b3b9d26c59c163cdcfbf1c8d, type: 3}
      propertyPath: m_LocalRotation.w
      value: 1
      objectReference: {fileID: 0}
    - target: {fileID: 2408448396888911083, guid: 89830db6b3b9d26c59c163cdcfbf1c8d, type: 3}
      propertyPath: m_LocalRotation.x
      value: 0
      objectReference: {fileID: 0}
    - target: {fileID: 2408448396888911083, guid: 89830db6b3b9d26c59c163cdcfbf1c8d, type: 3}
      propertyPath: m_LocalRotation.y
      value: 0
      objectReference: {fileID: 0}
    - target: {fileID: 2408448396888911083, guid: 89830db6b3b9d26c59c163cdcfbf1c8d, type: 3}
      propertyPath: m_LocalRotation.z
      value: 0
      objectReference: {fileID: 0}
    - target: {fileID: 2408448396888911083, guid: 89830db6b3b9d26c59c163cdcfbf1c8d, type: 3}
      propertyPath: m_LocalEulerAnglesHint.x
      value: 0
      objectReference: {fileID: 0}
    - target: {fileID: 2408448396888911083, guid: 89830db6b3b9d26c59c163cdcfbf1c8d, type: 3}
      propertyPath: m_LocalEulerAnglesHint.y
      value: 0
      objectReference: {fileID: 0}
    - target: {fileID: 2408448396888911083, guid: 89830db6b3b9d26c59c163cdcfbf1c8d, type: 3}
      propertyPath: m_LocalEulerAnglesHint.z
      value: 0
      objectReference: {fileID: 0}
    - target: {fileID: 7772648786043947357, guid: 89830db6b3b9d26c59c163cdcfbf1c8d, type: 3}
      propertyPath: m_Name
      value: Minion
      objectReference: {fileID: 0}
    m_RemovedComponents: []
  m_SourcePrefab: {fileID: 100100000, guid: 89830db6b3b9d26c59c163cdcfbf1c8d, type: 3}
--- !u!1001 &2914189328797838401
PrefabInstance:
  m_ObjectHideFlags: 0
  serializedVersion: 2
  m_Modification:
    m_TransformParent: {fileID: 0}
    m_Modifications:
    - target: {fileID: 2914189329944334849, guid: bdda905ccbc6ce5c0aa394e768ab5380, type: 3}
      propertyPath: m_Name
      value: Point
      objectReference: {fileID: 0}
    - target: {fileID: 2914189329944334853, guid: bdda905ccbc6ce5c0aa394e768ab5380, type: 3}
      propertyPath: m_RootOrder
      value: 8
      objectReference: {fileID: 0}
    - target: {fileID: 2914189329944334853, guid: bdda905ccbc6ce5c0aa394e768ab5380, type: 3}
      propertyPath: m_LocalPosition.x
      value: -11.43
      objectReference: {fileID: 0}
    - target: {fileID: 2914189329944334853, guid: bdda905ccbc6ce5c0aa394e768ab5380, type: 3}
      propertyPath: m_LocalPosition.y
      value: 0.96
      objectReference: {fileID: 0}
    - target: {fileID: 2914189329944334853, guid: bdda905ccbc6ce5c0aa394e768ab5380, type: 3}
      propertyPath: m_LocalPosition.z
      value: -12.72
      objectReference: {fileID: 0}
    - target: {fileID: 2914189329944334853, guid: bdda905ccbc6ce5c0aa394e768ab5380, type: 3}
      propertyPath: m_LocalRotation.w
      value: 1
      objectReference: {fileID: 0}
    - target: {fileID: 2914189329944334853, guid: bdda905ccbc6ce5c0aa394e768ab5380, type: 3}
      propertyPath: m_LocalRotation.x
      value: 0
      objectReference: {fileID: 0}
    - target: {fileID: 2914189329944334853, guid: bdda905ccbc6ce5c0aa394e768ab5380, type: 3}
      propertyPath: m_LocalRotation.y
      value: 0
      objectReference: {fileID: 0}
    - target: {fileID: 2914189329944334853, guid: bdda905ccbc6ce5c0aa394e768ab5380, type: 3}
      propertyPath: m_LocalRotation.z
      value: 0
      objectReference: {fileID: 0}
    - target: {fileID: 2914189329944334853, guid: bdda905ccbc6ce5c0aa394e768ab5380, type: 3}
      propertyPath: m_LocalEulerAnglesHint.x
      value: 0
      objectReference: {fileID: 0}
    - target: {fileID: 2914189329944334853, guid: bdda905ccbc6ce5c0aa394e768ab5380, type: 3}
      propertyPath: m_LocalEulerAnglesHint.y
      value: 0
      objectReference: {fileID: 0}
    - target: {fileID: 2914189329944334853, guid: bdda905ccbc6ce5c0aa394e768ab5380, type: 3}
      propertyPath: m_LocalEulerAnglesHint.z
      value: 0
      objectReference: {fileID: 0}
    m_RemovedComponents: []
  m_SourcePrefab: {fileID: 100100000, guid: bdda905ccbc6ce5c0aa394e768ab5380, type: 3}
--- !u!1001 &7270205929539803947
PrefabInstance:
  m_ObjectHideFlags: 0
  serializedVersion: 2
  m_Modification:
    m_TransformParent: {fileID: 0}
    m_Modifications:
    - target: {fileID: 3084616623779011183, guid: b4a138ec8a9a275019db756d922f4cfa, type: 3}
      propertyPath: m_Name
      value: Player1
      objectReference: {fileID: 0}
    - target: {fileID: 6236829726474133753, guid: b4a138ec8a9a275019db756d922f4cfa, type: 3}
      propertyPath: m_RootOrder
      value: 3
      objectReference: {fileID: 0}
    - target: {fileID: 6236829726474133753, guid: b4a138ec8a9a275019db756d922f4cfa, type: 3}
      propertyPath: m_LocalPosition.x
      value: 0
      objectReference: {fileID: 0}
    - target: {fileID: 6236829726474133753, guid: b4a138ec8a9a275019db756d922f4cfa, type: 3}
      propertyPath: m_LocalPosition.y
      value: 1.42
      objectReference: {fileID: 0}
    - target: {fileID: 6236829726474133753, guid: b4a138ec8a9a275019db756d922f4cfa, type: 3}
      propertyPath: m_LocalPosition.z
      value: 0
      objectReference: {fileID: 0}
    - target: {fileID: 6236829726474133753, guid: b4a138ec8a9a275019db756d922f4cfa, type: 3}
      propertyPath: m_LocalRotation.w
      value: 1
      objectReference: {fileID: 0}
    - target: {fileID: 6236829726474133753, guid: b4a138ec8a9a275019db756d922f4cfa, type: 3}
      propertyPath: m_LocalRotation.x
      value: 0
      objectReference: {fileID: 0}
    - target: {fileID: 6236829726474133753, guid: b4a138ec8a9a275019db756d922f4cfa, type: 3}
      propertyPath: m_LocalRotation.y
      value: 0
      objectReference: {fileID: 0}
    - target: {fileID: 6236829726474133753, guid: b4a138ec8a9a275019db756d922f4cfa, type: 3}
      propertyPath: m_LocalRotation.z
      value: 0
      objectReference: {fileID: 0}
    - target: {fileID: 6236829726474133753, guid: b4a138ec8a9a275019db756d922f4cfa, type: 3}
      propertyPath: m_LocalEulerAnglesHint.x
      value: 0
      objectReference: {fileID: 0}
    - target: {fileID: 6236829726474133753, guid: b4a138ec8a9a275019db756d922f4cfa, type: 3}
      propertyPath: m_LocalEulerAnglesHint.y
      value: 0
      objectReference: {fileID: 0}
    - target: {fileID: 6236829726474133753, guid: b4a138ec8a9a275019db756d922f4cfa, type: 3}
      propertyPath: m_LocalEulerAnglesHint.z
      value: 0
      objectReference: {fileID: 0}
    m_RemovedComponents: []
  m_SourcePrefab: {fileID: 100100000, guid: b4a138ec8a9a275019db756d922f4cfa, type: 3}
--- !u!1001 &7965060380938792253
PrefabInstance:
  m_ObjectHideFlags: 0
  serializedVersion: 2
  m_Modification:
    m_TransformParent: {fileID: 0}
    m_Modifications:
    - target: {fileID: 197603485027192592, guid: 389ab5695fd66a847a6290e04acd5778, type: 3}
      propertyPath: m_Name
      value: Terrain
      objectReference: {fileID: 0}
    - target: {fileID: 9044684755605320014, guid: 389ab5695fd66a847a6290e04acd5778, type: 3}
      propertyPath: m_RootOrder
      value: 2
      objectReference: {fileID: 0}
    - target: {fileID: 9044684755605320014, guid: 389ab5695fd66a847a6290e04acd5778, type: 3}
      propertyPath: m_LocalPosition.x
      value: 0
      objectReference: {fileID: 0}
    - target: {fileID: 9044684755605320014, guid: 389ab5695fd66a847a6290e04acd5778, type: 3}
      propertyPath: m_LocalPosition.y
      value: 0
      objectReference: {fileID: 0}
    - target: {fileID: 9044684755605320014, guid: 389ab5695fd66a847a6290e04acd5778, type: 3}
      propertyPath: m_LocalPosition.z
      value: 0
      objectReference: {fileID: 0}
    - target: {fileID: 9044684755605320014, guid: 389ab5695fd66a847a6290e04acd5778, type: 3}
      propertyPath: m_LocalRotation.w
      value: 1
      objectReference: {fileID: 0}
    - target: {fileID: 9044684755605320014, guid: 389ab5695fd66a847a6290e04acd5778, type: 3}
      propertyPath: m_LocalRotation.x
      value: 0
      objectReference: {fileID: 0}
    - target: {fileID: 9044684755605320014, guid: 389ab5695fd66a847a6290e04acd5778, type: 3}
      propertyPath: m_LocalRotation.y
      value: 0
      objectReference: {fileID: 0}
    - target: {fileID: 9044684755605320014, guid: 389ab5695fd66a847a6290e04acd5778, type: 3}
      propertyPath: m_LocalRotation.z
      value: 0
      objectReference: {fileID: 0}
    - target: {fileID: 9044684755605320014, guid: 389ab5695fd66a847a6290e04acd5778, type: 3}
      propertyPath: m_LocalEulerAnglesHint.x
      value: 0
      objectReference: {fileID: 0}
    - target: {fileID: 9044684755605320014, guid: 389ab5695fd66a847a6290e04acd5778, type: 3}
      propertyPath: m_LocalEulerAnglesHint.y
      value: 0
      objectReference: {fileID: 0}
    - target: {fileID: 9044684755605320014, guid: 389ab5695fd66a847a6290e04acd5778, type: 3}
      propertyPath: m_LocalEulerAnglesHint.z
      value: 0
      objectReference: {fileID: 0}
    m_RemovedComponents: []
  m_SourcePrefab: {fileID: 100100000, guid: 389ab5695fd66a847a6290e04acd5778, type: 3}
